@article{bp1,
	title = {Class of self-concordant functions on Riemannian manifolds},
	author = {George Bercu and Mihai Postolache},
	journal = {{Balkan Journal on Geometry Applications}},
	volume = {14},
	number = {2},
	pages = {13--20},
	year = {2009},
}

@article{bcp1,
	title = {On a study of distinguished structures of Hessian type on
		pseudo-Riemannian manifolds},
	author = {George Bercu and Constantin Corcodel and Mihai Postolache},
	journal = {Journal of Advanced Mathematical Studies},
	volume = {2},
	number = {1},
	pages = {1--16},
	year = {2009},
}

@book{hm,
	title = {Optimization and Dynamical Systems},
	author = {Uwe Helmke and John B. Moore},
	year = {1994},
	publisher = {Springer-Verlag},
	address = {London, UK}
}
