% this is the bibliography file


@Misc{iso-odf,
  author = 	 {International Organization for Standardization},
  title = 	 {ISO/IEC 26300:2006 Open Document Format},
  howpublished = {\url{http://std.dkuug.dk/keld/iso26300-odf/is26300/iso_iec_26300:2006_e.pdf}},
  month = 	 {December},
  year = 	 {2006},
  annote = 	 {\url{http://www.iso.org/iso/iso_catalogue/catalogue_tc/catalogue_detail.htm?csnumber=43485}}
}

@Misc{jls,
  author = 	 {James Gosling and Bill Joy and Guy Steele and Gilad Bracha and Alex Buckley},
  title = 	 {{The Java Language Specification, Java SE 8 Edition}},
  howpublished = {\url{https://docs.oracle.com/javase/specs/jls/se8/html/index.html}},
  month = 	 {February},
  year = 	 {2015},
  day =      {13}
}

@Misc{jvms,
  author = 	 {Tim Lindholm and Frank Yellin and Gilad Bracha and Alex Buckley},
  title = 	 {{The Java Virtual Machine Specification, Java SE 8 Edition}},
  howpublished = {\url{https://docs.oracle.com/javase/specs/jvms/se8/html/index.html}},
  month = 	 {February},
  year = 	 {2015},
  day =      {13}
}

@book{aho,
 author = {Aho, Alfred V. and Lam, Monica S. and Sethi, Ravi and Ullman, Jeffrey D.},
 title = {Compilers: Principles, Techniques, and Tools (2nd Edition)},
 year = {2006},
 isbn = {0321486811},
 publisher = {Addison-Wesley Longman Publishing Co., Inc.},
 address = {Boston, MA, USA},
}

@book{refactoring,
 author = {Fowler, Martin},
 title = {Refactoring: Improving the design of existing code},
 year = {1999},
 isbn = {0201485672},
 publisher = {Addison Wesley}
}

@MastersThesis{llvm,
    author  = {Chris Lattner},
    title   = "{LLVM: An Infrastructure for Multi-Stage Optimization}",
    school  = "{Computer Science Dept., University of Illinois at Urbana-Champaign}",
    year    = {2002},
    address = {Urbana, IL},
    month   = {Dec},
    note    = {{\em See {\tt http://llvm.cs.uiuc.edu}.}}
}

@article{cfg,
 author = {Allen, Frances E.},
 title = {Control Flow Analysis},
 journal = {SIGPLAN Not.},
 issue_date = {July 1970},
 volume = {5},
 number = {7},
 month = jul,
 year = {1970},
 issn = {0362-1340},
 pages = {1--19},
 numpages = {19},
 url = {http://doi.acm.org/10.1145/390013.808479},
 doi = {10.1145/390013.808479},
 acmid = {808479},
 publisher = {ACM},
 address = {New York, NY, USA},
}

@Misc{sdk,
  title = {{IntelliJ Platform SDK Documentation}},
  howpublished = {\url{https://www.jetbrains.org/intellij/sdk/docs}}
}