% this is the bibliography file


@Misc{iso-odf,
  author = 	 {International Organization for Standardization},
  title = 	 {ISO/IEC 26300:2006 Open Document Format},
  howpublished = {\url{http://std.dkuug.dk/keld/iso26300-odf/is26300/iso_iec_26300:2006_e.pdf}},
  month = 	 {December},
  year = 	 {2006},
  annote = 	 {\url{http://www.iso.org/iso/iso_catalogue/catalogue_tc/catalogue_detail.htm?csnumber=43485}}
}

@Misc{jls,
  author = 	 {James Gosling and Bill Joy and Guy Steele and Gilad Bracha and Alex Buckley},
  title = 	 {{The Java Language Specification, Java SE 8 Edition}},
  howpublished = {\url{https://docs.oracle.com/javase/specs/jls/se8/html/index.html}},
  month = 	 {February},
  year = 	 {2015},
  day =      {13}
}

@book{aho,
 author = {Aho, Alfred V. and Lam, Monica S. and Sethi, Ravi and Ullman, Jeffrey D.},
 title = {Compilers: Principles, Techniques, and Tools (2nd Edition)},
 year = {2006},
 isbn = {0321486811},
 publisher = {Addison-Wesley Longman Publishing Co., Inc.},
 address = {Boston, MA, USA},
}
